%
% paper.bib
%
% inproceedings - An article in a conference proceedings.
%   Required: author, title, booktitle, year.
%   Optional fields: editor, volume/number, series, pages, address, month, organization, publisher, note.

% Reference
% http://en.wikibooks.org/wiki/LaTeX/Bibliography_Management

% -----------------------------------------------------------------------------
@article{cao2018openpose,
  title={OpenPose: realtime multi-person 2D pose estimation using Part Affinity Fields},
  author={Cao, Zhe and Hidalgo, Gines and Simon, Tomas and Wei, Shih-En and Sheikh, Yaser},
  journal={arXiv preprint arXiv:1812.08008},
  year={2018}
}
% -----------------------------------------------------------------------------

% -----------------------------------------------------------------------------

% -----------------------------------------------------------------------------

% -----------------------------------------------------------------------------

% -----------------------------------------------------------------------------

% -----------------------------------------------------------------------------

% -----------------------------------------------------------------------------

% -----------------------------------------------------------------------------

